@article{seismic,
       author={Stefano Maran\'o and Donat F{\"a}h},
       title={Processing of Translational and Rotational Motions of Surface Waves: Performance Analysis and Applications to Single Sensor and to Array Measurements},
       journal={Geophysical Journal International},
       year = {2014},
       volume={196},
       pages={317-339}
}
@article{ring,
       author={Simonelli et. al.},
       title={First Deep Underground Observation of Rotational Signals from an Earthquake at Teleseismic Distance Using a Large Ring Laser Gyroscope},
       journal={arXiv},
       year = {2016}
    }
@article{Lee01052009,
	author = {Lee, W. H. K and Celebi, M. and Todorovska, M. I. and Igel, H.}, 
	title = {Introduction to the Special Issue on Rotational Seismology and Engineering Applications},
	volume = {99}, 
	number = {2B}, 
	pages = {945-957}, 
	year = {2009}, 
	doi = {10.1785/0120080344}, 
	URL = {http://www.bssaonline.org/content/99/2B/945.abstract}, 
	eprint = {http://www.bssaonline.org/content/99/2B/945.full.pdf+html}, 
	journal = {Bulletin of the Seismological Society of America} 
}
@article{tiltSeismology,
    author = {Ross, M. P. and Venkateswara, K. and Hagedorn, C. A. and Gundlach, J. H. and Kissel, J. S. and Warner, J. and Radkins, H. and Shaffer, T. J. and Coughlin, M. W. and Bodin, P.},
    title = "{Low‐Frequency Tilt Seismology with a Precision Ground‐Rotation Sensor}",
    journal = {Seismological Research Letters},
    volume = {89},
    number = {1},
    pages = {67-76},
    year = {2017},
    month = {11},
    abstract = "{We describe measurements of the rotational component of teleseismic surface waves using an inertial high‐precision ground‐rotation sensor installed at the Laser Interferometer Gravitational‐Wave Observatory (LIGO) Hanford Observatory (LHO). The sensor has a noise floor of 0.4  nrad/Hz at 50 mHz and a translational coupling of less than 1  μrad/m enabling translation‐free measurement of small rotations. We present observations of the rotational motion from Rayleigh waves of six teleseismic events from varied locations and with magnitudes ranging from M 6.7 to 7.9. These events were used to estimate phase dispersion curves that show agreement with a similar analysis done with an array of three STS‐2 seismometers also located at LHO.}",
    issn = {0895-0695},
    doi = {10.1785/0220170148},
    url = {https://doi.org/10.1785/0220170148},
    eprint = {https://pubs.geoscienceworld.org/srl/article-pdf/89/1/67/4018611/srl-2017148.1.pdf},
}


@article{Harms_2016,
	doi = {10.1088/0264-9381/33/23/234001},
	url = {https://doi.org/10.1088%2F0264-9381%2F33%2F23%2F234001},
	year = 2016,
	month = {oct},
	publisher = {{IOP} Publishing},
	volume = {33},
	number = {23},
	pages = {234001},
	author = {Jan Harms and Krishna Venkateswara},
	title = {Newtonian-noise cancellation in large-scale interferometric {GW} detectors using seismic tiltmeters},
	journal = {Classical and Quantum Gravity},
	abstract = {The mitigation of terrestrial gravity noise, also known as Newtonian noise (NN), is one of the foremost challenges to improve low-frequency sensitivity of ground-based gravitational-wave detectors. At frequencies above 1 Hz, it is predicted that gravity noise from seismic surface Rayleigh waves is the dominant contribution to NN in surface detectors, and may still contribute significantly in future underground detectors. Noise cancellation based on a coherent estimate of NN using data from a seismometer array was proposed in the past. In this article, we propose an alternative scheme to cancel NN using a seismic tiltmeter. It is shown that even under pessimistic assumptions concerning the complexity of the seismic field, a single tiltmeter under each test mass of the detector is sufficient to achieve substantial noise cancellation. A technical tiltmeter design is presented to achieve the required sensitivity in the Newtonian-noise frequency band.}
}
@article {GRL:GRL28234,
	author = {Lin, Chin-Jen and Huang, Han-Pang and Pham, Nguyen Dinh and Liu, Chun-Chi and Chi, Wu-Cheng and Lee, William H. K.},
	title = {Rotational Motions for Teleseismic Surface Waves},
	journal = {Geophysical Research Letters},
	volume = {38},
	number = {15},
	issn = {1944-8007},
	url = {http://dx.doi.org/10.1029/2011GL047959},
	doi = {10.1029/2011GL047959},
	pages = {n/a--n/a},
	keywords = {Data analysis: algorithms and implementation, Data processing, Earthquake ground motions and engineering seismology, Surface waves and free oscillations, rotational motions, teleseismic surface waves},
	year = {2011},
	note = {L15301},
}
@article{se-7-1467-2016,
	AUTHOR = {Reinwald, M. and Bernauer, M. and Igel, H. and Donner, S.},
	TITLE = {Improved finite-source inversion through joint measurements of rotational and translational ground motions: a numerical study},
	JOURNAL = {Solid Earth},
	VOLUME = {7},
	YEAR = {2016},
	NUMBER = {5},
	PAGES = {1467--1477},
	URL = {http://www.solid-earth.net/7/1467/2016/},
	DOI = {10.5194/se-7-1467-2016}
}
@article{MSA,
author = {B Arp, T and A Hagedorn, C and Schlamminger, Stephan and H Gundlach, J},
year = {2013},
month = {09},
pages = {095007},
title = {A reference-beam autocollimator with nanoradian sensitivity from mHz to kHz and dynamic range of 10(7.)},
volume = {84},
journal = {The Review of scientific instruments},
doi = {10.1063/1.4821653}
}

@article {GRL:GRL13842,
	author = {Pancha, A. and Webb, T. H. and Stedman, G. E. and McLeod, D. P. and Schreiber, K. U.},
	title = {Ring laser detection of rotations from teleseismic waves},
	journal = {Geophysical Research Letters},
	volume = {27},
	number = {21},
	issn = {1944-8007},
	url = {http://dx.doi.org/10.1029/2000GL011734},
	doi = {10.1029/2000GL011734},
	pages = {3553--3556},
	keywords = {Seismology, Seismology: Earthquake ground motions and engineering, Seismology: Instruments and techniques},
	year = {2000},
}

@Article{Belfi2012,
	author="Belfi, Jacopo
	and Beverini, Nicol{\`o}
	and Carelli, Giorgio
	and Di Virgilio, Angela
	and Maccioni, Enrico
	and Saccorotti, Gilberto
	and Stefani, Fabio
	and Velikoseltsev, Alexander",
	title="Horizontal rotation signals detected by ``G-Pisa'' ring laser for the Mw = 9.0, March 2011, Japan earthquake",
	journal="Journal of Seismology",
	year="2012",
	volume="16",
	number="4",
	pages="767--776",
	issn="1573-157X",
	doi="10.1007/s10950-012-9276-9",
	url="http://dx.doi.org/10.1007/s10950-012-9276-9"
}
@article{venk2014,
   author = "Venkateswara, Krishna and Hagedorn, Charles A. and Turner, Matthew D. and Arp, Trevor and Gundlach, Jens H.",
   title = "A high-precision mechanical absolute-rotation sensor",
   journal = "Review of Scientific Instruments",
   year = "2014",
   volume = "85",
   number = "1", 
   eid = 015005,
   url = "http://scitation.aip.org/content/aip/journal/rsi/85/1/10.1063/1.4862816",
   doi = "http://dx.doi.org/10.1063/1.4862816" 
}
@article{venk2016,
author="Venkateswara, Krishna and Hagedorn,Charles A. and Gundlach,Jens H. and Kissel,Jeffery and Warner,Jim and Radkins,Hugh and Shaffer,Thomas and Lantz,Brian and Mittleman,Richard and Matichard,Fabrice and Schofield,Robert",
title="Subtracting Tilt from a Horizontal Seismometer Using a Ground Rotation Sensor",
journal="Bulletin of the Seismological Society of America",
year="2017",
volume="107",
number="2",
pages=" 709-717",
doi="https://doi.org/10.1785/0120160310"
}
@article{lantz,
author={Lantz, Brian and Schofield, R and O`Reilly, B. and Clark, D. E. and DeBra, D},
title={Review: Requirements for a Ground Rotation Sensor to Improve Advanced LIGO},
journal="Bulletin of the Seismological Society of America",
year="2009",
volume="99",
number="2B",
pages="980-989",
doi="10.1785/0120080199",
}
@article{haskell,
  title={The dispersion of surface waves on multilayered media},
  author={Haskell, Norman A},
  journal={Bulletin of the Seismological Society of America},
  volume={43},
  number={1},
  pages={17--34},
  year={1953},
  publisher={Seismological Society of America}
}
@article{lin,
author = {Lin, Fan-Chi and Moschetti, Morgan P. and Ritzwoller, Michael H.},
title = {Surface wave tomography of the western United States from ambient seismic noise: Rayleigh and Love wave phase velocity maps},
journal = {Geophysical Journal International},
volume = {173},
number = {1},
pages = {281},
year = {2008},
doi = {10.1111/j.1365-246X.2008.03720.x},
URL = { + http://dx.doi.org/10.1111/j.1365-246X.2008.03720.x},
eprint = {/oup/backfile/Content_public/Journal/gji/173/1/10.1111/j.1365-246X.2008.03720.x/3/173-1-281.pdf}
}
@article{ligoSeis,
  author={F. Matichard and others},
  title={Seismic isolation of Advanced LIGO: Review of strategy, instrumentation and performance},
  journal={Classical and Quantum Gravity},
  volume={32},
  number={18},
  pages={185003},
  url={http://stacks.iop.org/0264-9381/32/i=18/a=185003},
  year={2015}
}

  	
@article{ligo2,
  author={J Aasi and others},
  title={Advanced LIGO},
  journal={Classical and Quantum Gravity},
  volume={32},
  number={7},
  pages={074001},
  url={http://stacks.iop.org/0264-9381/32/i=7/a=074001},
  year={2015},
}
@article{meier,
  author = {Meier, T. and Dietrich, K. and St{\"o}ckhert, B. and Harjes, H.P.},
  year = {2004},
  title = {One-dimensional models of shear wave velocity for the eastern Mediterranean obtained from the inversion of Rayleigh wave phase velocities and tectonic implications},
  journal = {Geophysical Journal International},
  publisher = {Wiley Online Library},
  issn = {1365-246X},
  doi = {10.1111/j.1365-246X.2004.02121.x},
  url = {http:https://dx.doi.org/10.1111/j.1365-246X.2004.02121.x},
  volume = {156},
  month = {1},
  pages = {45--58},
  number = {1}
  }
  @Article{Legendre2015,
author="Legendre, C{\'e}dric P.
and Zhao, Li
and Huang, Win-Gee
and Huang, Bor-Shouh",
title="Anisotropic Rayleigh-wave phase velocities beneath northern Vietnam",
journal="Earth, Planets and Space",
year="2015",
volume="67",
number="1",
pages="28"}

@article{EINSTEIN,
title = "On gravitational wav
es",
journal = "Journal of the Franklin Institute",
volume = "223",
number = "1",
pages = "43 - 54",
year = "1937",
issn = "0016-0032",
doi = "https://doi.org/10.1016/S0016-0032(37)90583-0",
url = "http://www.sciencedirect.com/science/article/pii/S0016003237905830",
author = "A. Einstein and N. Rosen",
abstract = "The rigorous solution for cylindrical gravitational waves is given. For the convenience of the reader the theory of gravitational waves and their production, already known in principle, is given in the first part of this paper.After encountering relationships which cast doubt on the existence of rigorous solutions for undulatory gravitational fields, we investigate rigorously the case of cylindrical gravitational waves. It turns out that rigorous solutions exist and that the problem reduces to the usual cylindrical waves in euclidean space."
}

@INPROCEEDINGS{Weiss,
    author = {Rainer Weiss},
    title = {Electromagnetically coupled broadband gravitational antenna},
    booktitle = {K.S. Thorne, “Gravitational radiation”, 300 Years of Gravitation, S W Hawking and W Israel, pp 330–458},
    year = {1972},
    publisher = {University Press}
}
@article{hulseTaylor,
	doi = {10.3847/0004-637x/829/1/55},
	url = {https://doi.org/10.3847%2F0004-637x%2F829%2F1%2F55},
	year = 2016,
	month = {sep},
	publisher = {American Astronomical Society},
	volume = {829},
	number = {1},
	pages = {55},
	author = {J. M. Weisberg and Y. Huang},
	title = {{RELATIVISTIC} {MEASUREMENTS} {FROM} {TIMING} {THE} {BINARY} {PULSAR} {PSR} B1913+16},
	journal = {The Astrophysical Journal},

}
@article{Squeeze,
  title = {Quantum-Enhanced Advanced LIGO Detectors in the Era of Gravitational-Wave Astronomy},
  author = {Tse, M. and Yu, Haocun and Kijbunchoo, N. and Fernandez-Galiana, A. and Dupej, P. and Barsotti, L. and Blair, C. D. and Brown, D. D. and Dwyer, S. E. and Effler, A. and Evans, M. and Fritschel, P. and Frolov, V. V. and Green, A. C. and Mansell, G. L. and Matichard, F. and Mavalvala, N. and McClelland, D. E. and McCuller, L. and McRae, T. and Miller, J. and Mullavey, A. and Oelker, E. and Phinney, I. Y. and Sigg, D. and Slagmolen, B. J. J. and Vo, T. and Ward, R. L. and Whittle, C. and Abbott, R. and Adams, C. and Adhikari, R. X. and Ananyeva, A. and Appert, S. and Arai, K. and Areeda, J. S. and Asali, Y. and Aston, S. M. and Austin, C. and Baer, A. M. and Ball, M. and Ballmer, S. W. and Banagiri, S. and Barker, D. and Bartlett, J. and Berger, B. K. and Betzwieser, J. and Bhattacharjee, D. and Billingsley, G. and Biscans, S. and Blair, R. M. and Bode, N. and Booker, P. and Bork, R. and Bramley, A. and Brooks, A. F. and Buikema, A. and Cahillane, C. and Cannon, K. C. and Chen, X. and Ciobanu, A. A. and Clara, F. and Cooper, S. J. and Corley, K. R. and Countryman, S. T. and Covas, P. B. and Coyne, D. C. and Datrier, L. E. H. and Davis, D. and Di Fronzo, C. and Driggers, J. C. and Etzel, T. and Evans, T. M. and Feicht, J. and Fulda, P. and Fyffe, M. and Giaime, J. A. and Giardina, K. D. and Godwin, P. and Goetz, E. and Gras, S. and Gray, C. and Gray, R. and Gupta, Anchal and Gustafson, E. K. and Gustafson, R. and Hanks, J. and Hanson, J. and Hardwick, T. and Hasskew, R. K. and Heintze, M. C. and Helmling-Cornell, A. F. and Holland, N. A. and Jones, J. D. and Kandhasamy, S. and Karki, S. and Kasprzack, M. and Kawabe, K. and King, P. J. and Kissel, J. S. and Kumar, Rahul and Landry, M. and Lane, B. B. and Lantz, B. and Laxen, M. and Lecoeuche, Y. K. and Leviton, J. and Liu, J. and Lormand, M. and Lundgren, A. P. and Macas, R. and MacInnis, M. and Macleod, D. M. and M\'arka, S. and M\'arka, Z. and Martynov, D. V. and Mason, K. and Massinger, T. J. and McCarthy, R. and McCormick, S. and McIver, J. and Mendell, G. and Merfeld, K. and Merilh, E. L. and Meylahn, F. and Mistry, T. and Mittleman, R. and Moreno, G. and Mow-Lowry, C. M. and Mozzon, S. and Nelson, T. J. N. and Nguyen, P. and Nuttall, L. K. and Oberling, J. and Oram, R. J. and O'Reilly, B. and Osthelder, C. and Ottaway, D. J. and Overmier, H. and Palamos, J. R. and Parker, W. and Payne, E. and Pele, A. and Perez, C. J. and Pirello, M. and Radkins, H. and Ramirez, K. E. and Richardson, J. W. and Riles, K. and Robertson, N. A. and Rollins, J. G. and Romel, C. L. and Romie, J. H. and Ross, M. P. and Ryan, K. and Sadecki, T. and Sanchez, E. J. and Sanchez, L. E. and Saravanan, T. R. and Savage, R. L. and Schaetzl, D. and Schnabel, R. and Schofield, R. M. S. and Schwartz, E. and Sellers, D. and Shaffer, T. J. and Smith, J. R. and Soni, S. and Sorazu, B. and Spencer, A. P. and Strain, K. A. and Sun, L. and Szczepa\ifmmode \acute{n}\else \'{n}\fi{}czyk, M. J. and Thomas, M. and Thomas, P. and Thorne, K. A. and Toland, K. and Torrie, C. I. and Traylor, G. and Urban, A. L. and Vajente, G. and Valdes, G. and Vander-Hyde, D. C. and Veitch, P. J. and Venkateswara, K. and Venugopalan, G. and Viets, A. D. and Vorvick, C. and Wade, M. and Warner, J. and Weaver, B. and Weiss, R. and Willke, B. and Wipf, C. C. and Xiao, L. and Yamamoto, H. and Yap, M. J. and Yu, Hang and Zhang, L. and Zucker, M. E. and Zweizig, J.},
  journal = {Phys. Rev. Lett.},
  volume = {123},
  issue = {23},
  pages = {231107},
  numpages = {8},
  year = {2019},
  month = {Dec},
  publisher = {American Physical Society},
  doi = {10.1103/PhysRevLett.123.231107},
  url = {https://link.aps.org/doi/10.1103/PhysRevLett.123.231107}
}

@article{LIGOSens,
  title = {Sensitivity of the Advanced LIGO detectors at the beginning of gravitational wave astronomy},
  author = {Martynov, D. V. and Hall, E. D. and Abbott, B. P. and Abbott, R. and Abbott, T. D. and Adams, C. and Adhikari, R. X. and Anderson, R. A. and Anderson, S. B. and Arai, K. and Arain, M. A. and Aston, S. M. and Austin, L. and Ballmer, S. W. and Barbet, M. and Barker, D. and Barr, B. and Barsotti, L. and Bartlett, J. and Barton, M. A. and Bartos, I. and Batch, J. C. and Bell, A. S. and Belopolski, I. and Bergman, J. and Betzwieser, J. and Billingsley, G. and Birch, J. and Biscans, S. and Biwer, C. and Black, E. and Blair, C. D. and Bogan, C. and Bond, C. and Bork, R. and Bridges, D. O. and Brooks, A. F. and Brown, D. D. and Carbone, L. and Celerier, C. and Ciani, G. and Clara, F. and Cook, D. and Countryman, S. T. and Cowart, M. J. and Coyne, D. C. and Cumming, A. and Cunningham, L. and Damjanic, M. and Dannenberg, R. and Danzmann, K. and Costa, C. F. Da Silva and Daw, E. J. and DeBra, D. and DeRosa, R. T. and DeSalvo, R. and Dooley, K. L. and Doravari, S. and Driggers, J. C. and Dwyer, S. E. and Effler, A. and Etzel, T. and Evans, M. and Evans, T. M. and Factourovich, M. and Fair, H. and Feldbaum, D. and Fisher, R. P. and Foley, S. and Frede, M. and Freise, A. and Fritschel, P. and Frolov, V. V. and Fulda, P. and Fyffe, M. and Galdi, V. and Giaime, J. A. and Giardina, K. D. and Gleason, J. R. and Goetz, R. and Gras, S. and Gray, C. and Greenhalgh, R. J. S. and Grote, H. and Guido, C. J. and Gushwa, K. E. and Gustafson, E. K. and Gustafson, R. and Hammond, G. and Hanks, J. and Hanson, J. and Hardwick, T. and Harry, G. M. and Haughian, K. and Heefner, J. and Heintze, M. C. and Heptonstall, A. W. and Hoak, D. and Hough, J. and Ivanov, A. and Izumi, K. and Jacobson, M. and James, E. and Jones, R. and Kandhasamy, S. and Karki, S. and Kasprzack, M. and Kaufer, S. and Kawabe, K. and Kells, W. and Kijbunchoo, N. and King, E. J. and King, P. J. and Kinzel, D. L. and Kissel, J. S. and Kokeyama, K. and Korth, W. Z. and Kuehn, G. and Kwee, P. and Landry, M. and Lantz, B. and Le Roux, A. and Levine, B. M. and Lewis, J. B. and Lhuillier, V. and Lockerbie, N. A. and Lormand, M. and Lubinski, M. J. and Lundgren, A. P. and MacDonald, T. and MacInnis, M. and Macleod, D. M. and Mageswaran, M. and Mailand, K. and M\'arka, S. and M\'arka, Z. and Markosyan, A. S. and Maros, E. and Martin, I. W. and Martin, R. M. and Marx, J. N. and Mason, K. and Massinger, T. J. and Matichard, F. and Mavalvala, N. and McCarthy, R. and McClelland, D. E. and McCormick, S. and McIntyre, G. and McIver, J. and Merilh, E. L. and Meyer, M. S. and Meyers, P. M. and Miller, J. and Mittleman, R. and Moreno, G. and Mueller, C. L. and Mueller, G. and Mullavey, A. and Munch, J. and Murray, P. G. and Nuttall, L. K. and Oberling, J. and O'Dell, J. and Oppermann, P. and Oram, Richard J. and O'Reilly, B. and Osthelder, C. and Ottaway, D. J. and Overmier, H. and Palamos, J. R. and Paris, H. R. and Parker, W. and Patrick, Z. and Pele, A. and Penn, S. and Phelps, M. and Pickenpack, M. and Pierro, V. and Pinto, I. and Poeld, J. and Principe, M. and Prokhorov, L. and Puncken, O. and Quetschke, V. and Quintero, E. A. and Raab, F. J. and Radkins, H. and Raffai, P. and Ramet, C. R. and Reed, C. M. and Reid, S. and Reitze, D. H. and Robertson, N. A. and Rollins, J. G. and Roma, V. J. and Romie, J. H. and Rowan, S. and Ryan, K. and Sadecki, T. and Sanchez, E. J. and Sandberg, V. and Sannibale, V. and Savage, R. L. and Schofield, R. M. S. and Schultz, B. and Schwinberg, P. and Sellers, D. and Sevigny, A. and Shaddock, D. A. and Shao, Z. and Shapiro, B. and Shawhan, P. and Shoemaker, D. H. and Sigg, D. and Slagmolen, B. J. J. and Smith, J. R. and Smith, M. R. and Smith-Lefebvre, N. D. and Sorazu, B. and Staley, A. and Stein, A. J. and Stochino, A. and Strain, K. A. and Taylor, R. and Thomas, M. and Thomas, P. and Thorne, K. A. and Thrane, E. and Tokmakov, K. V. and Torrie, C. I. and Traylor, G. and Vajente, G. and Valdes, G. and van Veggel, A. A. and Vargas, M. and Vecchio, A. and Veitch, P. J. and Venkateswara, K. and Vo, T. and Vorvick, C. and Waldman, S. J. and Walker, M. and Ward, R. L. and Warner, J. and Weaver, B. and Weiss, R. and Welborn, T. and We\ss{}els, P. and Wilkinson, C. and Willems, P. A. and Williams, L. and Willke, B. and Wilmut, I. and Winkelmann, L. and Wipf, C. C. and Worden, J. and Wu, G. and Yamamoto, H. and Yancey, C. C. and Yu, H. and Zhang, L. and Zucker, M. E. and Zweizig, J.},
  journal = {Phys. Rev. D},
  volume = {93},
  issue = {11},
  pages = {112004},
  numpages = {19},
  year = {2016},
  month = {Jun},
  publisher = {American Physical Society},
  doi = {10.1103/PhysRevD.93.112004},
  url = {https://link.aps.org/doi/10.1103/PhysRevD.93.112004}
}

@article{GW150914,
  title = {Observation of Gravitational Waves from a Binary Black Hole Merger},
  author = {Abbott, B. P. and others},
  collaboration = {LIGO Scientific Collaboration and Virgo Collaboration},
  journal = {Phys. Rev. Lett.},
  volume = {116},
  issue = {6},
  pages = {061102},
  numpages = {16},
  year = {2016},
  month = {Feb},
  publisher = {American Physical Society},
  doi = {10.1103/PhysRevLett.116.061102},
  url = {https://link.aps.org/doi/10.1103/PhysRevLett.116.061102}
}
@article{GW170817,
  title = {GW170817: Observation of Gravitational Waves from a Binary Neutron Star Inspiral},
  author = {Abbott, B. P. and others},
  collaboration = {LIGO Scientific Collaboration and Virgo Collaboration},
  journal = {Phys. Rev. Lett.},
  volume = {119},
  issue = {16},
  pages = {161101},
  numpages = {18},
  year = {2017},
  month = {Oct},
  publisher = {American Physical Society},
  doi = {10.1103/PhysRevLett.119.161101},
  url = {https://link.aps.org/doi/10.1103/PhysRevLett.119.161101}
}

@book{GWBook,
  title={Gravitational waves: Volume 1: Theory and experiments},
  author={Maggiore, Michele},
  volume={1},
  year={2008},
  publisher={Oxford university press}
}
@article{GWTC,
  title = {GWTC-1: A Gravitational-Wave Transient Catalog of Compact Binary Mergers Observed by LIGO and Virgo during the First and Second Observing Runs},
  author = {Abbott, B. P. and others},
  collaboration = {LIGO Scientific Collaboration and Virgo Collaboration},
  journal = {Phys. Rev. X},
  volume = {9},
  issue = {3},
  pages = {031040},
  numpages = {49},
  year = {2019},
  month = {Sep},
  publisher = {American Physical Society},
  doi = {10.1103/PhysRevX.9.031040},
  url = {https://link.aps.org/doi/10.1103/PhysRevX.9.031040}
}
